<record xmlns:xsi="http://www.w3.org/2001/XMLSchema-instance" xmlns="http://www.loc.gov/MARC21/slim" xsi:schemaLocation="http://www.loc.gov/MARC21/slim http://www.loc.gov/standards/marcxml/schema/MARC21slim.xsd">

  <leader>00906nam a2200253Ia 4500</leader>
  <controlfield tag="008">161011b1994    mx ||||| |||| 00| | spa d</controlfield>
  <datafield ind2=" " tag="020" ind1=" ">
    <subfield code="a">9688424242</subfield>
  </datafield>
  <datafield tag="090" ind1=" " ind2=" ">
    <subfield code="a">06.04.05 </subfield>
    <subfield code="b">1051</subfield>
  </datafield>
  <datafield tag="100" ind1="1" ind2=" ">
    <subfield code="a">Rodríguez Gómez, Roberto</subfield>
    <subfield code="9">2077</subfield>
  </datafield>
  <datafield tag="245" ind1="1" ind2="0">
    <subfield code="a">Universidad contemporánea : Racionalidad política y vinculación social / </subfield>
    <subfield code="c">Roberto Rodríguez Gómez, Hugo Casanova Cardiel </subfield>
  </datafield>
  <datafield ind2=" " ind1=" " tag="260">
    <subfield code="a">México : </subfield>
    <subfield code="b">CESU, </subfield>
    <subfield code="c">1994</subfield>
  </datafield>
  <datafield tag="300" ind1=" " ind2=" ">
    <subfield code="a">390 páginas</subfield>
  </datafield>
  <datafield tag="490" ind1=" " ind2=" ">
    <subfield code="a">Colección Problemas educativos en México</subfield>
  </datafield>
  <datafield tag="650" ind1="1" ind2="4">
    <subfield code="a">UNIVERSIDADES </subfield>
    <subfield code="9">16</subfield>
  </datafield>
  <datafield tag="650" ind1="1" ind2="4">
    <subfield code="a">DESARROLLO DE LA EDUCACIÓN</subfield>
    <subfield code="9">24</subfield>
  </datafield>
  <datafield ind2="4" ind1="1" tag="650">
    <subfield code="a">REFORMA DE LA EDUCACIÓN</subfield>
    <subfield code="9">7</subfield>
  </datafield>
  <datafield ind2="4" ind1="1" tag="650">
    <subfield code="a">CAMBIO TECNOLÓGICO</subfield>
    <subfield code="9">1245</subfield>
  </datafield>
  <datafield tag="650" ind1="1" ind2="4">
    <subfield code="9">8</subfield>
    <subfield code="a">EDUCACIÓN SUPERIOR</subfield>
  </datafield>
  <datafield ind1="1" tag="650" ind2="4">
    <subfield code="a">MODERNIZACIÓN</subfield>
    <subfield code="9">2078</subfield>
  </datafield>
  <datafield tag="650" ind1="1" ind2="4">
    <subfield code="a">PLANIFICACIÓN DE LA EDUCACIÓN</subfield>
    <subfield code="9">124</subfield>
  </datafield>
  <datafield tag="650" ind1="1" ind2="4">
    <subfield code="a">POLÍTICA EDUCATIVA</subfield>
    <subfield code="9">451</subfield>
  </datafield>
  <datafield ind1="1" tag="700" ind2=" ">
    <subfield code="a">Casanova Cardiel, Hugo</subfield>
    <subfield code="9">2079</subfield>
    <subfield code="e">Coordiandor/a</subfield>
  </datafield>
  <datafield ind1=" " tag="942" ind2=" ">
    <subfield code="2">z</subfield>
    <subfield code="c">01</subfield>
  </datafield>
  <datafield ind2=" " tag="999" ind1=" ">
    <subfield code="c">421</subfield>
    <subfield code="d">421</subfield>
  </datafield>
</record>